<?xml version="1.0" encoding="UTF-8"?><record xmlns="http://www.loc.gov/MARC21/slim" xmlns:cinclude="http://apache.org/cocoon/include/1.0" xmlns:zs="http://www.loc.gov/zing/srw/">
  <leader>00473cz  a2200133n  4500</leader>
  <controlfield tag="001">n  86819628 </controlfield>
  <controlfield tag="003">DLC</controlfield>
  <controlfield tag="005">20080614080928.0</controlfield>
  <controlfield tag="008">860414n| acannaabn          |n and      </controlfield>
  <datafield tag="010" ind1=" " ind2=" ">
    <subfield code="a">n  86819628 </subfield>
  </datafield>
  <datafield tag="035" ind1=" " ind2=" ">
    <subfield code="a">(OCoLC)oca01553520</subfield>
  </datafield>
  <datafield tag="040" ind1=" " ind2=" ">
    <subfield code="a">DLC</subfield>
    <subfield code="b">eng</subfield>
    <subfield code="c">DLC</subfield>
    <subfield code="d">OCoLC</subfield>
  </datafield>
  <datafield tag="110" ind1="2" ind2=" ">
    <subfield code="a">International Federation Sports Acrobatics</subfield>
  </datafield>
  <datafield tag="670" ind1=" " ind2=" ">
    <subfield code="a">nuc86-32737: Acrobatics, 1980</subfield>
    <subfield code="b">(hdg. on NmLcU rept.: International Federation Sports Acrobatics; usage: International Federation Sports Acrobatics)</subfield>
  </datafield>
</record>